<record><leader>00000cas a22000007a 4500</leader><controlfield tag="001">26345467</controlfield><controlfield tag="008">920807d184818uuncuwr ne      0    0eng d</controlfield><datafield ind1=" " ind2=" " tag="010"><subfield code="a">sn 92073139 </subfield></datafield><datafield ind1=" " ind2=" " tag="040"><subfield code="a">NVJ</subfield><subfield code="b">eng</subfield><subfield code="c">NVJ</subfield><subfield code="d">B2Q</subfield><subfield code="d">OCLCQ</subfield></datafield><datafield ind1=" " ind2=" " tag="042"><subfield code="a">msc</subfield></datafield><datafield ind1="0" ind2=" " tag="130"><subfield code="a">Omnibus (Washington, N.C.)</subfield></datafield><datafield ind1="1" ind2="4" tag="245"><subfield code="a">The omnibus.</subfield></datafield><datafield ind1=" " ind2=" " tag="260"><subfield code="a">Washington, N.C. :</subfield><subfield code="b">[s.n.]</subfield></datafield><datafield ind1=" " ind2=" " tag="300"><subfield code="a">v.</subfield></datafield><datafield ind1=" " ind2=" " tag="310"><subfield code="a">Weekly</subfield></datafield><datafield ind1="1" ind2=" " tag="362"><subfield code="a">Began in 1848.</subfield></datafield><datafield ind1=" " ind2=" " tag="588"><subfield code="a">Description based on: Vol. 1, no. 3 (Mar. 1, 1848) = whole no. 3.</subfield></datafield><datafield ind1=" " ind2="6" tag="650"><subfield code="a">Humour que&#769;be&#769;cois</subfield><subfield code="v">Pe&#769;riodiques.</subfield></datafield><datafield ind1=" " ind2=" " tag="752"><subfield code="a">United States</subfield><subfield code="b">North Carolina</subfield><subfield code="c">Beaufort</subfield><subfield code="d">Washington.</subfield></datafield><datafield ind1="1" ind2=" " tag="029"><subfield code="a">AU@</subfield><subfield code="b">000025477918</subfield></datafield></record>